@misc{codigo_mapaPendiente,
  author = {García, F. A.},
  title = {Script en Python para resolución y graficación del mapa de pendientes},
  year = {2025},
  url = {https://github.com/DracKhan/Ecuaciones-Trabajo-1},
  note = {Disponible en GitHub}
}

